<record><leader>00000cas a2200000 a 4500</leader><controlfield tag="001">12174288</controlfield><controlfield tag="008">850619d18631874iluwr ne      0    0eng c</controlfield><datafield ind1=" " ind2=" " tag="010"><subfield code="a">sn 85033697 </subfield></datafield><datafield ind1=" " ind2=" " tag="040"><subfield code="a">NPU</subfield><subfield code="b">eng</subfield><subfield code="c">NPU</subfield><subfield code="d">NVF</subfield><subfield code="d">OCL</subfield><subfield code="d">CVF</subfield><subfield code="d">NVF</subfield><subfield code="d">OCLCQ</subfield><subfield code="d">OCLCF</subfield><subfield code="d">OCLCO</subfield></datafield><datafield ind1="1" ind2=" " tag="029"><subfield code="a">AU@</subfield><subfield code="b">000040190439</subfield></datafield><datafield ind1=" " ind2=" " tag="042"><subfield code="a">pcc</subfield></datafield><datafield ind1=" " ind2=" " tag="043"><subfield code="a">n-us-il</subfield></datafield><datafield ind1="0" ind2=" " tag="130"><subfield code="a">Fulton weekly journal (Fulton, Ill.)</subfield></datafield><datafield ind1="1" ind2="4" tag="245"><subfield code="a">The Fulton weekly journal.</subfield></datafield><datafield ind1="1" ind2="3" tag="246"><subfield code="a">Fulton journal</subfield></datafield><datafield ind1=" " ind2=" " tag="260"><subfield code="a">Fulton, Whiteside County, Ill. :</subfield><subfield code="b">G.J. Booth,</subfield><subfield code="c">1863-1874.</subfield></datafield><datafield ind1=" " ind2=" " tag="300"><subfield code="a">v. ;</subfield><subfield code="c">67 cm.</subfield></datafield><datafield ind1=" " ind2=" " tag="310"><subfield code="a">Weekly</subfield></datafield><datafield ind1="0" ind2=" " tag="362"><subfield code="a">Vol. 1, no. 1 (Apr. 29, 1863)-v. 15, no. 37 (Feb. 13, 1874) = -old ser., v. 20, no. 37.</subfield></datafield><datafield ind1=" " ind2=" " tag="515"><subfield code="a">Issue for Jan. 5, 1865 also called whole no. 332.</subfield></datafield><datafield ind1=" " ind2="0" tag="651"><subfield code="a">Fulton (Ill.)</subfield><subfield code="v">Newspapers.</subfield></datafield><datafield ind1=" " ind2="7" tag="655"><subfield code="a">Newspapers.</subfield><subfield code="2">fast</subfield><subfield code="0">(OCoLC)fst01423814</subfield></datafield><datafield ind1=" " ind2="7" tag="651"><subfield code="a">Illinois</subfield><subfield code="z">Fulton.</subfield><subfield code="2">fast</subfield><subfield code="0">(OCoLC)fst01218681</subfield></datafield><datafield ind1=" " ind2=" " tag="752"><subfield code="a">United States</subfield><subfield code="b">Illinois</subfield><subfield code="c">Whiteside</subfield><subfield code="d">Fulton.</subfield></datafield><datafield ind1="0" ind2="0" tag="785"><subfield code="a">Fulton journal (Fulton, Ill.)</subfield><subfield code="w">(DLC)sn 92053304</subfield><subfield code="w">(OCoLC)26167630</subfield></datafield></record>